@misc{xml data types reference_2017,
url={https://msdn.microsoft.com/en-us/library/ms256131(v=vs.110).aspx},
journal={Msdn.microsoft.com},
year={2017}
}